@book{abibliaemingles,
  title={The Holy Bible: King James Version},
  author={Hendrickson Publishers},
  isbn={9781565633254},
  url={https://books.google.com.br/books?id=3EUgOyrQnmEC},
  year={2004},
  publisher={Hendrickson Publishers}
}
